%YAML 1.1
%TAG !u! tag:unity3d.com,2011:
--- !u!1001 &100100000
Prefab:
  m_ObjectHideFlags: 1
  serializedVersion: 2
  m_Modification:
    m_TransformParent: {fileID: 0}
    m_Modifications: []
    m_RemovedComponents: []
  m_ParentPrefab: {fileID: 0}
  m_RootGameObject: {fileID: 1967138646668138}
  m_IsPrefabParent: 1
--- !u!1 &1733682245188418
GameObject:
  m_ObjectHideFlags: 0
  m_PrefabParentObject: {fileID: 0}
  m_PrefabInternal: {fileID: 100100000}
  serializedVersion: 5
  m_Component:
  - component: {fileID: 4220397461171974}
  - component: {fileID: 114637494710617672}
  m_Layer: 0
  m_Name: LockON
  m_TagString: Untagged
  m_Icon: {fileID: 0}
  m_NavMeshLayer: 0
  m_StaticEditorFlags: 0
  m_IsActive: 1
--- !u!1 &1967138646668138
GameObject:
  m_ObjectHideFlags: 0
  m_PrefabParentObject: {fileID: 0}
  m_PrefabInternal: {fileID: 100100000}
  serializedVersion: 5
  m_Component:
  - component: {fileID: 4156703547014574}
  - component: {fileID: 212843599532384980}
  - component: {fileID: 95392678629910590}
  - component: {fileID: 50709560230144548}
  - component: {fileID: 60739866016899820}
  - component: {fileID: 114339983171936374}
  - component: {fileID: 114541008237777976}
  - component: {fileID: 114647029359852078}
  - component: {fileID: 114362255702646216}
  - component: {fileID: 114235292480532238}
  m_Layer: 9
  m_Name: Enemy 1
  m_TagString: Untagged
  m_Icon: {fileID: 0}
  m_NavMeshLayer: 0
  m_StaticEditorFlags: 0
  m_IsActive: 1
--- !u!4 &4156703547014574
Transform:
  m_ObjectHideFlags: 1
  m_PrefabParentObject: {fileID: 0}
  m_PrefabInternal: {fileID: 100100000}
  m_GameObject: {fileID: 1967138646668138}
  m_LocalRotation: {x: 0, y: 0, z: 0, w: 1}
  m_LocalPosition: {x: -1, y: 1, z: 0}
  m_LocalScale: {x: 1, y: 1, z: 1}
  m_Children:
  - {fileID: 4220397461171974}
  m_Father: {fileID: 0}
  m_RootOrder: 0
  m_LocalEulerAnglesHint: {x: 0, y: 0, z: 0}
--- !u!4 &4220397461171974
Transform:
  m_ObjectHideFlags: 1
  m_PrefabParentObject: {fileID: 0}
  m_PrefabInternal: {fileID: 100100000}
  m_GameObject: {fileID: 1733682245188418}
  m_LocalRotation: {x: 0, y: 0, z: 0, w: 1}
  m_LocalPosition: {x: 0, y: 0, z: 0}
  m_LocalScale: {x: 1, y: 1, z: 1}
  m_Children: []
  m_Father: {fileID: 4156703547014574}
  m_RootOrder: 0
  m_LocalEulerAnglesHint: {x: 0, y: 0, z: 0}
--- !u!50 &50709560230144548
Rigidbody2D:
  serializedVersion: 4
  m_ObjectHideFlags: 1
  m_PrefabParentObject: {fileID: 0}
  m_PrefabInternal: {fileID: 100100000}
  m_GameObject: {fileID: 1967138646668138}
  m_BodyType: 0
  m_Simulated: 1
  m_UseFullKinematicContacts: 0
  m_UseAutoMass: 0
  m_Mass: 1
  m_LinearDrag: 0
  m_AngularDrag: 0.05
  m_GravityScale: 0
  m_Material: {fileID: 0}
  m_Interpolate: 0
  m_SleepingMode: 1
  m_CollisionDetection: 0
  m_Constraints: 0
--- !u!60 &60739866016899820
PolygonCollider2D:
  m_ObjectHideFlags: 1
  m_PrefabParentObject: {fileID: 0}
  m_PrefabInternal: {fileID: 100100000}
  m_GameObject: {fileID: 1967138646668138}
  m_Enabled: 1
  m_Density: 1
  m_Material: {fileID: 0}
  m_IsTrigger: 1
  m_UsedByEffector: 0
  m_UsedByComposite: 0
  m_Offset: {x: 0, y: 0}
  m_SpriteTilingProperty:
    border: {x: 0, y: 0, z: 0, w: 0}
    pivot: {x: 0.5, y: 0.5}
    oldSize: {x: 0.96, y: 0.96}
    newSize: {x: 1, y: 1}
    adaptiveTilingThreshold: 0.5
    drawMode: 0
    adaptiveTiling: 0
  m_AutoTiling: 0
  m_Points:
    m_Paths:
    - - {x: 0.12294878, y: 0.23649098}
      - {x: -0.12725824, y: 0.2349321}
      - {x: -0.22102787, y: 0.1794455}
      - {x: -0.23955627, y: -0.16381375}
      - {x: -0.15915503, y: -0.2565684}
      - {x: 0.1578184, y: -0.25500953}
      - {x: 0.23659252, y: -0.15992753}
      - {x: 0.21767373, y: 0.17850347}
--- !u!95 &95392678629910590
Animator:
  serializedVersion: 3
  m_ObjectHideFlags: 1
  m_PrefabParentObject: {fileID: 0}
  m_PrefabInternal: {fileID: 100100000}
  m_GameObject: {fileID: 1967138646668138}
  m_Enabled: 1
  m_Avatar: {fileID: 0}
  m_Controller: {fileID: 9100000, guid: f2a7b9c8c76c74899b21b571bcea4e26, type: 2}
  m_CullingMode: 0
  m_UpdateMode: 0
  m_ApplyRootMotion: 0
  m_LinearVelocityBlending: 0
  m_WarningMessage: 
  m_HasTransformHierarchy: 1
  m_AllowConstantClipSamplingOptimization: 1
--- !u!114 &114235292480532238
MonoBehaviour:
  m_ObjectHideFlags: 1
  m_PrefabParentObject: {fileID: 0}
  m_PrefabInternal: {fileID: 100100000}
  m_GameObject: {fileID: 1967138646668138}
  m_Enabled: 1
  m_EditorHideFlags: 0
  m_Script: {fileID: 11500000, guid: 825b089f80c21a94ba31a91a8dab807d, type: 3}
  m_Name: 
  m_EditorClassIdentifier: 
  sourceKillableName: Enemy 1
  m_enemyDamageSound: {fileID: 8300000, guid: 55f14424cde917240923cc8fd453e20f, type: 3}
  m_enemyDeathSound: {fileID: 8300000, guid: 21f6ae2799e49f949932a1e5daa62833, type: 3}
--- !u!114 &114339983171936374
MonoBehaviour:
  m_ObjectHideFlags: 1
  m_PrefabParentObject: {fileID: 0}
  m_PrefabInternal: {fileID: 100100000}
  m_GameObject: {fileID: 1967138646668138}
  m_Enabled: 1
  m_EditorHideFlags: 0
  m_Script: {fileID: 11500000, guid: 064fe7316350a4d429f8020661a32939, type: 3}
  m_Name: 
  m_EditorClassIdentifier: 
  m_speed: 0.5
  m_explosionPrefab: {fileID: 100000, guid: 2e1756d181df64a36b4fd7455e1be5c6, type: 2}
--- !u!114 &114362255702646216
MonoBehaviour:
  m_ObjectHideFlags: 1
  m_PrefabParentObject: {fileID: 0}
  m_PrefabInternal: {fileID: 100100000}
  m_GameObject: {fileID: 1967138646668138}
  m_Enabled: 1
  m_EditorHideFlags: 0
  m_Script: {fileID: 11500000, guid: 204c52b1bd219bc4d981667d797f5983, type: 3}
  m_Name: 
  m_EditorClassIdentifier: 
  gameOverBehavior: 1
  syncHitPointWorldVariable: 0
  hitPoints:
    variableSource: 1
    worldVariableName: 
    curModMode: 1
    selfValue: 5
    minimum: 1
    maximum: 100000
  maxHitPoints:
    variableSource: 1
    worldVariableName: 
    curModMode: 1
    selfValue: 100000
    minimum: -100000
    maximum: 100000
  atckPoints:
    variableSource: 1
    worldVariableName: 
    curModMode: 1
    selfValue: 1
    minimum: -100000
    maximum: 100000
  listener: {fileID: 114235292480532238}
  invincibilityExpanded: 1
  isInvincible: 0
  invincibleWhileChildrenKillablesExist: 0
  disableCollidersWhileChildrenKillablesExist: 0
  invincibleOnSpawn: 0
  invincibleTimeSpawn:
    variableSource: 1
    worldVariableName: 
    curModMode: 1
    selfValue: 2
    minimum: 0
    maximum: 3.4028235e+38
  invincibleWhenDamaged: 0
  invincibleDamageTime:
    variableSource: 1
    worldVariableName: 
    curModMode: 1
    selfValue: 1
    minimum: 0
    maximum: 3.4028235e+38
  invinceHitPrefabSource: 0
  invinceHitPrefabPoolIndex: 0
  invinceHitPrefabPoolName: 
  invinceHitPrefabSpecific: {fileID: 0}
  invinceHitPrefabCategoryName: 
  invinceHitPrefabRandomizeXRotation: 0
  invinceHitPrefabRandomizeYRotation: 0
  invinceHitPrefabRandomizeZRotation: 0
  enableLogging: 0
  filtersExpanded: 1
  ignoreKillablesSpawnedByMe: 1
  useLayerFilter: 1
  useTagFilter: 0
  showVisibilitySettings: 0
  despawnWhenOffscreen: 1
  despawnOnClick: 0
  despawnOnMouseClick: 0
  despawnIfNotVisible: 0
  despawnIfNotVisibleForSec:
    variableSource: 1
    worldVariableName: 
    curModMode: 1
    selfValue: 5
    minimum: 0.1
    maximum: 3.4028235e+38
  vanishPrefabSource: 0
  vanishPrefabPoolIndex: 0
  vanishPrefabPoolName: 
  vanishPrefabSpecific: {fileID: 0}
  vanishPrefabCategoryName: 
  vanishPrefabRandomizeXRotation: 0
  vanishPrefabRandomizeYRotation: 0
  vanishPrefabRandomizeZRotation: 0
  ignoreOffscreenHits: 0
  matchingTags:
  - Untagged
  matchingLayers: 080000000b0000000c000000
  despawnMode: 0
  includeNonKillables: 0
  damageFireEvents: 0
  damageCustomEvents: []
  deathFireEvents: 1
  deathCustomEvents: []
  despawnStatModifiersExpanded: 1
  playerStatDespawnModifiers:
    scenarioName: CONDITION_NAME
    statMods:
    - _statName: Score
      _modValueIntAmt:
        variableSource: 1
        worldVariableName: 
        curModMode: 1
        selfValue: 10
        minimum: -2147483648
        maximum: 2147483647
      _modValueFloatAmt:
        variableSource: 1
        worldVariableName: 
        curModMode: 1
        selfValue: 0
        minimum: -3.4028235e+38
        maximum: 3.4028235e+38
      _varTypeToUse: 0
  alternateModifiers: []
  dealDamagePrefabExpanded: 1
  dealDamagePrefabSource: 0
  dealDamagePrefabPoolIndex: 0
  dealDamagePrefabPoolName: 
  dealDamagePrefabSpecific: {fileID: 0}
  dealDamagePrefabCategoryName: 
  dealDamagePrefabOnDeathHit: 0
  dealDamagePrefabRandomizeXRotation: 0
  dealDamagePrefabRandomizeYRotation: 0
  dealDamagePrefabRandomizeZRotation: 0
  damagePrefabExpanded: 1
  damagePrefabSource: 0
  damagePrefabPoolIndex: 0
  damagePrefabPoolName: 
  damagePrefabSpecific: {fileID: 0}
  damagePrefabCategoryName: 
  damagePrefabSpawnMode: 0
  damagePrefabSpawnQuantity:
    variableSource: 1
    worldVariableName: 
    curModMode: 1
    selfValue: 1
    minimum: 1
    maximum: 100
  damageGroupsize:
    variableSource: 1
    worldVariableName: 
    curModMode: 1
    selfValue: 1
    minimum: 1
    maximum: 500
  damagePrefabOffset: {x: 0, y: 0, z: 0}
  damagePrefabIncrementalOffset: {x: 0, y: 0, z: 0}
  damagePrefabRandomizeXRotation: 0
  damagePrefabRandomizeYRotation: 0
  damagePrefabRandomizeZRotation: 0
  despawnStatDamageModifiersExpanded: 0
  damagePrefabOnDeathHit: 0
  playerStatDamageModifiers:
    scenarioName: CONDITION_NAME
    statMods: []
  damageKnockBackExpanded: 1
  sendDamageKnockback: 0
  receiveKnockbackWhenDamaged: 0
  receiveKnockbackWhenInvince: 0
  damageKnockUpMeters:
    variableSource: 1
    worldVariableName: 
    curModMode: 1
    selfValue: 10
    minimum: -3.4028235e+38
    maximum: 3.4028235e+38
  damageKnockBackFactor:
    variableSource: 1
    worldVariableName: 
    curModMode: 1
    selfValue: 3
    minimum: -3.4028235e+38
    maximum: 3.4028235e+38
  deathPrefabSource: 0
  deathPrefabPoolIndex: 0
  deathPrefabPoolName: 
  deathPrefabSettingsExpanded: 1
  deathPrefabSpecific: {fileID: 4907620274979690, guid: fd8a0cf953e28274785fc95a0ba3c35b,
    type: 2}
  deathPrefabCategoryName: MixedEnemyBullets
  deathPrefabKeepSameParent: 1
  deathPrefabSpawnPercent:
    variableSource: 1
    worldVariableName: 
    curModMode: 1
    selfValue: 75
    minimum: 0
    maximum: 100
  deathPrefabSpawnLocation: 0
  deathPrefabQty:
    variableSource: 1
    worldVariableName: 
    curModMode: 1
    selfValue: 2
    minimum: 0
    maximum: 100
  deathPrefabOffset: {x: 0, y: 0, z: 0}
  deathPrefabIncrementalOffset: {x: 0, y: 0, z: 0}
  rotationMode: 2
  deathPrefabRandomizeXRotation: 0
  deathPrefabRandomizeYRotation: 0
  deathPrefabRandomizeZRotation: 0
  deathPrefabKeepVelocity: 1
  deathPrefabCustomRotation: {x: 0, y: 0, z: 0}
  deathDelay:
    variableSource: 1
    worldVariableName: 
    curModMode: 1
    selfValue: 0
    minimum: 0
    maximum: 100
  spawnerDestroyedAction: 0
  parentKillableForParentDestroyed: {fileID: 0}
  parentDestroyedAction: 0
  deathDespawnBehavior: 0
  timerDeathEnabled: 0
  timerDeathSeconds:
    variableSource: 1
    worldVariableName: 
    curModMode: 1
    selfValue: 1
    minimum: 0.1
    maximum: 3.4028235e+38
  timeUpAction: 2
  distanceDeathEnabled: 0
  tooFarDistance:
    variableSource: 1
    worldVariableName: 
    curModMode: 1
    selfValue: 1
    minimum: 0.1
    maximum: 3.4028235e+38
  distanceDeathAction: 2
  currentHitPoints: 0
  isVisible: 0
  showRespawnSettings: 0
  respawnType: 0
  timesToRespawn: 1
  respawnDelay:
    variableSource: 1
    worldVariableName: 
    curModMode: 1
    selfValue: 0
    minimum: 0
    maximum: 100
  respawnFireEvents: 0
  respawnCustomEvents: []
--- !u!114 &114541008237777976
MonoBehaviour:
  m_ObjectHideFlags: 1
  m_PrefabParentObject: {fileID: 0}
  m_PrefabInternal: {fileID: 100100000}
  m_GameObject: {fileID: 1967138646668138}
  m_Enabled: 1
  m_EditorHideFlags: 0
  m_Script: {fileID: 11500000, guid: 57dd07d79c4904ceb9acbecad08b5137, type: 3}
  m_Name: 
  m_EditorClassIdentifier: 
  m_useStop: 0
  m_stopPoint: 2
--- !u!114 &114637494710617672
MonoBehaviour:
  m_ObjectHideFlags: 1
  m_PrefabParentObject: {fileID: 0}
  m_PrefabInternal: {fileID: 100100000}
  m_GameObject: {fileID: 1733682245188418}
  m_Enabled: 1
  m_EditorHideFlags: 0
  m_Script: {fileID: 11500000, guid: 4cf8ed6458b22394b87b4d9583c1c642, type: 3}
  m_Name: 
  m_EditorClassIdentifier: 
  m_bulletPrefab: {fileID: 1542018595695434, guid: b57b4ee305f2afb4e9dd54d090755649,
    type: 2}
  m_bulletNum: 4
  m_bulletSpeed: 3
  m_accelerationSpeed: 0
  m_accelerationTurn: 0
  m_usePauseAndResume: 0
  m_pauseTime: 0
  m_resumeTime: 0
  m_useAutoRelease: 0
  m_autoReleaseTime: 10
  m_bulletsAreChild: 1
  m_shotFiredCallbackEvents:
    m_PersistentCalls:
      m_Calls: []
    m_TypeName: UnityEngine.Events.UnityEvent, UnityEngine, Version=0.0.0.0, Culture=neutral,
      PublicKeyToken=null
  m_shotFinishedCallbackEvents:
    m_PersistentCalls:
      m_Calls: []
    m_TypeName: UnityEngine.Events.UnityEvent, UnityEngine, Version=0.0.0.0, Culture=neutral,
      PublicKeyToken=null
  m_angle: 180
  m_betweenDelay: 0.75
  m_setTargetFromTag: 1
  m_targetTagName: PlayerHitbox
  m_randomSelectTagTarget: 0
  m_targetTransform: {fileID: 0}
  m_aiming: 1
--- !u!114 &114647029359852078
MonoBehaviour:
  m_ObjectHideFlags: 1
  m_PrefabParentObject: {fileID: 0}
  m_PrefabInternal: {fileID: 100100000}
  m_GameObject: {fileID: 1967138646668138}
  m_Enabled: 1
  m_EditorHideFlags: 0
  m_Script: {fileID: 11500000, guid: f4f0f29fa90c15e4ca1c2e77ce62f18a, type: 3}
  m_Name: 
  m_EditorClassIdentifier: 
  m_axisMove: 0
  m_startOnAwake: 1
  m_startOnAwakeDelay: 2
  m_loop: 1
  m_atRandom: 0
  m_shotList:
  - m_shotObj: {fileID: 114637494710617672}
    m_afterDelay: 3
  m_shotRoutineFinishedCallbackEvents:
    m_PersistentCalls:
      m_Calls: []
    m_TypeName: UnityEngine.Events.UnityEvent, UnityEngine, Version=0.0.0.0, Culture=neutral,
      PublicKeyToken=null
  m_shotSound: {fileID: 8300000, guid: e686291d4c6b33440afb5c35c7d3c07b, type: 3}
--- !u!212 &212843599532384980
SpriteRenderer:
  m_ObjectHideFlags: 1
  m_PrefabParentObject: {fileID: 0}
  m_PrefabInternal: {fileID: 100100000}
  m_GameObject: {fileID: 1967138646668138}
  m_Enabled: 1
  m_CastShadows: 0
  m_ReceiveShadows: 0
  m_MotionVectors: 1
  m_LightProbeUsage: 0
  m_ReflectionProbeUsage: 1
  m_Materials:
  - {fileID: 10754, guid: 0000000000000000f000000000000000, type: 0}
  m_StaticBatchInfo:
    firstSubMesh: 0
    subMeshCount: 0
  m_StaticBatchRoot: {fileID: 0}
  m_ProbeAnchor: {fileID: 0}
  m_LightProbeVolumeOverride: {fileID: 0}
  m_ScaleInLightmap: 1
  m_PreserveUVs: 0
  m_IgnoreNormalsForChartDetection: 0
  m_ImportantGI: 0
  m_SelectedEditorRenderState: 0
  m_MinimumChartSize: 4
  m_AutoUVMaxDistance: 0.5
  m_AutoUVMaxAngle: 89
  m_LightmapParameters: {fileID: 0}
  m_SortingLayerID: 0
  m_SortingLayer: 0
  m_SortingOrder: 3
  m_Sprite: {fileID: 21300008, guid: c03876332ca5f47c9aeeadb7700c99fa, type: 3}
  m_Color: {r: 1, g: 1, b: 1, a: 1}
  m_FlipX: 0
  m_FlipY: 0
  m_DrawMode: 0
  m_Size: {x: 1, y: 1}
  m_AdaptiveModeThreshold: 0.5
  m_SpriteTileMode: 0
  m_WasSpriteAssigned: 1
  m_MaskInteraction: 0
