%YAML 1.1
%TAG !u! tag:unity3d.com,2011:
--- !u!1 &100000
GameObject:
  m_ObjectHideFlags: 0
  m_PrefabParentObject: {fileID: 0}
  m_PrefabInternal: {fileID: 100100000}
  serializedVersion: 5
  m_Component:
  - component: {fileID: 400000}
  - component: {fileID: 5000000}
  - component: {fileID: 11400000}
  - component: {fileID: 114452971322510980}
  - component: {fileID: 114343593948221646}
  - component: {fileID: 66828280248679560}
  m_Layer: 12
  m_Name: PlayerBulletRoot
  m_TagString: PlayerBullet
  m_Icon: {fileID: 0}
  m_NavMeshLayer: 0
  m_StaticEditorFlags: 0
  m_IsActive: 1
--- !u!1 &100002
GameObject:
  m_ObjectHideFlags: 0
  m_PrefabParentObject: {fileID: 0}
  m_PrefabInternal: {fileID: 100100000}
  serializedVersion: 5
  m_Component:
  - component: {fileID: 400002}
  - component: {fileID: 21200000}
  - component: {fileID: 60088457651213562}
  - component: {fileID: 114698103415375422}
  m_Layer: 12
  m_Name: PlayerBullet
  m_TagString: PlayerBullet
  m_Icon: {fileID: 0}
  m_NavMeshLayer: 0
  m_StaticEditorFlags: 0
  m_IsActive: 1
--- !u!1 &100004
GameObject:
  m_ObjectHideFlags: 0
  m_PrefabParentObject: {fileID: 0}
  m_PrefabInternal: {fileID: 100100000}
  serializedVersion: 5
  m_Component:
  - component: {fileID: 400004}
  - component: {fileID: 21200002}
  - component: {fileID: 60321682472220312}
  - component: {fileID: 114820275283820104}
  m_Layer: 12
  m_Name: PlayerBullet
  m_TagString: PlayerBullet
  m_Icon: {fileID: 0}
  m_NavMeshLayer: 0
  m_StaticEditorFlags: 0
  m_IsActive: 1
--- !u!4 &400000
Transform:
  m_ObjectHideFlags: 1
  m_PrefabParentObject: {fileID: 0}
  m_PrefabInternal: {fileID: 100100000}
  m_GameObject: {fileID: 100000}
  m_LocalRotation: {x: 0, y: 0, z: 0, w: 1}
  m_LocalPosition: {x: 0, y: 0, z: 0}
  m_LocalScale: {x: 1, y: 1, z: 1}
  m_Children:
  - {fileID: 400002}
  - {fileID: 400004}
  m_Father: {fileID: 0}
  m_RootOrder: 0
  m_LocalEulerAnglesHint: {x: 0, y: 0, z: 0}
--- !u!4 &400002
Transform:
  m_ObjectHideFlags: 1
  m_PrefabParentObject: {fileID: 0}
  m_PrefabInternal: {fileID: 100100000}
  m_GameObject: {fileID: 100002}
  m_LocalRotation: {x: 0, y: 0, z: 0, w: 1}
  m_LocalPosition: {x: -0.14, y: 0, z: 0}
  m_LocalScale: {x: 1, y: 1, z: 1}
  m_Children: []
  m_Father: {fileID: 400000}
  m_RootOrder: 0
  m_LocalEulerAnglesHint: {x: 0, y: 0, z: 0}
--- !u!4 &400004
Transform:
  m_ObjectHideFlags: 1
  m_PrefabParentObject: {fileID: 0}
  m_PrefabInternal: {fileID: 100100000}
  m_GameObject: {fileID: 100004}
  m_LocalRotation: {x: 0, y: 0, z: 0, w: 1}
  m_LocalPosition: {x: 0.14, y: 0, z: 0}
  m_LocalScale: {x: 1, y: 1, z: 1}
  m_Children: []
  m_Father: {fileID: 400000}
  m_RootOrder: 1
  m_LocalEulerAnglesHint: {x: 0, y: 0, z: 0}
--- !u!50 &5000000
Rigidbody2D:
  serializedVersion: 4
  m_ObjectHideFlags: 1
  m_PrefabParentObject: {fileID: 0}
  m_PrefabInternal: {fileID: 100100000}
  m_GameObject: {fileID: 100000}
  m_BodyType: 1
  m_Simulated: 1
  m_UseFullKinematicContacts: 1
  m_UseAutoMass: 0
  m_Mass: 1
  m_LinearDrag: 0
  m_AngularDrag: 0.05
  m_GravityScale: 0
  m_Material: {fileID: 0}
  m_Interpolate: 0
  m_SleepingMode: 1
  m_CollisionDetection: 0
  m_Constraints: 0
--- !u!114 &11400000
MonoBehaviour:
  m_ObjectHideFlags: 1
  m_PrefabParentObject: {fileID: 0}
  m_PrefabInternal: {fileID: 100100000}
  m_GameObject: {fileID: 100000}
  m_Enabled: 0
  m_EditorHideFlags: 0
  m_Script: {fileID: 11500000, guid: cc9d7325d34ad4b058c116654d8ce8e7, type: 3}
  m_Name: 
  m_EditorClassIdentifier: 
  m_power: 1
--- !u!212 &21200000
SpriteRenderer:
  m_ObjectHideFlags: 1
  m_PrefabParentObject: {fileID: 0}
  m_PrefabInternal: {fileID: 100100000}
  m_GameObject: {fileID: 100002}
  m_Enabled: 1
  m_CastShadows: 0
  m_ReceiveShadows: 0
  m_MotionVectors: 1
  m_LightProbeUsage: 0
  m_ReflectionProbeUsage: 1
  m_Materials:
  - {fileID: 10754, guid: 0000000000000000f000000000000000, type: 0}
  m_StaticBatchInfo:
    firstSubMesh: 0
    subMeshCount: 0
  m_StaticBatchRoot: {fileID: 0}
  m_ProbeAnchor: {fileID: 0}
  m_LightProbeVolumeOverride: {fileID: 0}
  m_ScaleInLightmap: 1
  m_PreserveUVs: 0
  m_IgnoreNormalsForChartDetection: 0
  m_ImportantGI: 0
  m_SelectedEditorRenderState: 0
  m_MinimumChartSize: 4
  m_AutoUVMaxDistance: 0.5
  m_AutoUVMaxAngle: 89
  m_LightmapParameters: {fileID: 0}
  m_SortingLayerID: 0
  m_SortingLayer: 0
  m_SortingOrder: 0
  m_Sprite: {fileID: 21300000, guid: 536044d3019444f9b998133b4d9a5c82, type: 3}
  m_Color: {r: 1, g: 1, b: 1, a: 1}
  m_FlipX: 0
  m_FlipY: 0
  m_DrawMode: 0
  m_Size: {x: 1, y: 1}
  m_AdaptiveModeThreshold: 0.5
  m_SpriteTileMode: 0
  m_WasSpriteAssigned: 1
  m_MaskInteraction: 0
--- !u!212 &21200002
SpriteRenderer:
  m_ObjectHideFlags: 1
  m_PrefabParentObject: {fileID: 0}
  m_PrefabInternal: {fileID: 100100000}
  m_GameObject: {fileID: 100004}
  m_Enabled: 1
  m_CastShadows: 0
  m_ReceiveShadows: 0
  m_MotionVectors: 1
  m_LightProbeUsage: 0
  m_ReflectionProbeUsage: 1
  m_Materials:
  - {fileID: 10754, guid: 0000000000000000f000000000000000, type: 0}
  m_StaticBatchInfo:
    firstSubMesh: 0
    subMeshCount: 0
  m_StaticBatchRoot: {fileID: 0}
  m_ProbeAnchor: {fileID: 0}
  m_LightProbeVolumeOverride: {fileID: 0}
  m_ScaleInLightmap: 1
  m_PreserveUVs: 0
  m_IgnoreNormalsForChartDetection: 0
  m_ImportantGI: 0
  m_SelectedEditorRenderState: 0
  m_MinimumChartSize: 4
  m_AutoUVMaxDistance: 0.5
  m_AutoUVMaxAngle: 89
  m_LightmapParameters: {fileID: 0}
  m_SortingLayerID: 0
  m_SortingLayer: 0
  m_SortingOrder: 0
  m_Sprite: {fileID: 21300000, guid: 536044d3019444f9b998133b4d9a5c82, type: 3}
  m_Color: {r: 1, g: 1, b: 1, a: 1}
  m_FlipX: 0
  m_FlipY: 0
  m_DrawMode: 0
  m_Size: {x: 1, y: 1}
  m_AdaptiveModeThreshold: 0.5
  m_SpriteTileMode: 0
  m_WasSpriteAssigned: 1
  m_MaskInteraction: 0
--- !u!1001 &100100000
Prefab:
  m_ObjectHideFlags: 1
  serializedVersion: 2
  m_Modification:
    m_TransformParent: {fileID: 0}
    m_Modifications: []
    m_RemovedComponents: []
  m_ParentPrefab: {fileID: 0}
  m_RootGameObject: {fileID: 100000}
  m_IsPrefabParent: 1
--- !u!60 &60088457651213562
PolygonCollider2D:
  m_ObjectHideFlags: 1
  m_PrefabParentObject: {fileID: 0}
  m_PrefabInternal: {fileID: 100100000}
  m_GameObject: {fileID: 100002}
  m_Enabled: 1
  m_Density: 1
  m_Material: {fileID: 0}
  m_IsTrigger: 0
  m_UsedByEffector: 0
  m_UsedByComposite: 1
  m_Offset: {x: 0, y: 0}
  m_SpriteTilingProperty:
    border: {x: 0, y: 0, z: 0, w: 0}
    pivot: {x: 0.5, y: 0.5}
    oldSize: {x: 0.16, y: 0.16}
    newSize: {x: 1, y: 1}
    adaptiveTilingThreshold: 0.5
    drawMode: 0
    adaptiveTiling: 0
  m_AutoTiling: 0
  m_Points:
    m_Paths:
    - - {x: -0.03, y: 0.08}
      - {x: -0.049999997, y: 0.049999997}
      - {x: -0.049999997, y: -0.03}
      - {x: -0.03, y: -0.08}
      - {x: 0.03, y: -0.08}
      - {x: 0.049999997, y: -0.02}
      - {x: 0.049999997, y: 0.06}
      - {x: 0.03, y: 0.08}
--- !u!60 &60321682472220312
PolygonCollider2D:
  m_ObjectHideFlags: 1
  m_PrefabParentObject: {fileID: 0}
  m_PrefabInternal: {fileID: 100100000}
  m_GameObject: {fileID: 100004}
  m_Enabled: 1
  m_Density: 1
  m_Material: {fileID: 0}
  m_IsTrigger: 0
  m_UsedByEffector: 0
  m_UsedByComposite: 1
  m_Offset: {x: 0, y: 0}
  m_SpriteTilingProperty:
    border: {x: 0, y: 0, z: 0, w: 0}
    pivot: {x: 0.5, y: 0.5}
    oldSize: {x: 0.16, y: 0.16}
    newSize: {x: 1, y: 1}
    adaptiveTilingThreshold: 0.5
    drawMode: 0
    adaptiveTiling: 0
  m_AutoTiling: 0
  m_Points:
    m_Paths:
    - - {x: -0.03, y: 0.08}
      - {x: -0.049999997, y: 0.049999997}
      - {x: -0.049999997, y: -0.03}
      - {x: -0.03, y: -0.08}
      - {x: 0.03, y: -0.08}
      - {x: 0.049999997, y: -0.02}
      - {x: 0.049999997, y: 0.06}
      - {x: 0.03, y: 0.08}
--- !u!66 &66828280248679560
CompositeCollider2D:
  m_ObjectHideFlags: 1
  m_PrefabParentObject: {fileID: 0}
  m_PrefabInternal: {fileID: 100100000}
  m_GameObject: {fileID: 100000}
  m_Enabled: 1
  m_Density: 1
  m_Material: {fileID: 0}
  m_IsTrigger: 1
  m_UsedByEffector: 0
  m_UsedByComposite: 0
  m_Offset: {x: 0, y: 0}
  m_GeometryType: 1
  m_GenerationType: 0
  m_EdgeRadius: 0
  m_ColliderPaths: []
  m_CompositePaths:
    m_Paths: []
  m_VertexDistance: 0.0005
--- !u!114 &114343593948221646
MonoBehaviour:
  m_ObjectHideFlags: 1
  m_PrefabParentObject: {fileID: 0}
  m_PrefabInternal: {fileID: 100100000}
  m_GameObject: {fileID: 100000}
  m_Enabled: 1
  m_EditorHideFlags: 0
  m_Script: {fileID: 11500000, guid: 313953827b0a5a345a0d752d8be1ef21, type: 3}
  m_Name: 
  m_EditorClassIdentifier: 
  sourceKillableName: PlayerBullet
--- !u!114 &114452971322510980
MonoBehaviour:
  m_ObjectHideFlags: 1
  m_PrefabParentObject: {fileID: 0}
  m_PrefabInternal: {fileID: 100100000}
  m_GameObject: {fileID: 100000}
  m_Enabled: 1
  m_EditorHideFlags: 0
  m_Script: {fileID: 11500000, guid: 204c52b1bd219bc4d981667d797f5983, type: 3}
  m_Name: 
  m_EditorClassIdentifier: 
  gameOverBehavior: 1
  syncHitPointWorldVariable: 0
  hitPoints:
    variableSource: 1
    worldVariableName: 
    curModMode: 1
    selfValue: 1
    minimum: 1
    maximum: 100000
  maxHitPoints:
    variableSource: 1
    worldVariableName: 
    curModMode: 1
    selfValue: 100000
    minimum: -100000
    maximum: 100000
  atckPoints:
    variableSource: 1
    worldVariableName: 
    curModMode: 1
    selfValue: 1
    minimum: -100000
    maximum: 100000
  listener: {fileID: 114343593948221646}
  invincibilityExpanded: 0
  isInvincible: 0
  invincibleWhileChildrenKillablesExist: 1
  disableCollidersWhileChildrenKillablesExist: 0
  invincibleOnSpawn: 0
  invincibleTimeSpawn:
    variableSource: 1
    worldVariableName: 
    curModMode: 1
    selfValue: 2
    minimum: 0
    maximum: 3.4028235e+38
  invincibleWhenDamaged: 0
  invincibleDamageTime:
    variableSource: 1
    worldVariableName: 
    curModMode: 1
    selfValue: 1
    minimum: 0
    maximum: 3.4028235e+38
  invinceHitPrefabSource: 0
  invinceHitPrefabPoolIndex: 0
  invinceHitPrefabPoolName: 
  invinceHitPrefabSpecific: {fileID: 0}
  invinceHitPrefabCategoryName: 
  invinceHitPrefabRandomizeXRotation: 0
  invinceHitPrefabRandomizeYRotation: 0
  invinceHitPrefabRandomizeZRotation: 0
  enableLogging: 0
  filtersExpanded: 1
  ignoreKillablesSpawnedByMe: 1
  useLayerFilter: 1
  useTagFilter: 0
  showVisibilitySettings: 1
  despawnWhenOffscreen: 1
  despawnOnClick: 0
  despawnOnMouseClick: 0
  despawnIfNotVisible: 0
  despawnIfNotVisibleForSec:
    variableSource: 1
    worldVariableName: 
    curModMode: 1
    selfValue: 1
    minimum: 0.1
    maximum: 3.4028235e+38
  vanishPrefabSource: 0
  vanishPrefabPoolIndex: 0
  vanishPrefabPoolName: 
  vanishPrefabSpecific: {fileID: 0}
  vanishPrefabCategoryName: 
  vanishPrefabRandomizeXRotation: 0
  vanishPrefabRandomizeYRotation: 0
  vanishPrefabRandomizeZRotation: 0
  ignoreOffscreenHits: 0
  matchingTags:
  - Untagged
  matchingLayers: 09000000
  despawnMode: 0
  includeNonKillables: 0
  damageFireEvents: 0
  damageCustomEvents: []
  deathFireEvents: 0
  deathCustomEvents: []
  despawnStatModifiersExpanded: 0
  playerStatDespawnModifiers:
    scenarioName: CONDITION_NAME
    statMods: []
  alternateModifiers: []
  dealDamagePrefabExpanded: 0
  dealDamagePrefabSource: 0
  dealDamagePrefabPoolIndex: 0
  dealDamagePrefabPoolName: 
  dealDamagePrefabSpecific: {fileID: 0}
  dealDamagePrefabCategoryName: 
  dealDamagePrefabOnDeathHit: 0
  dealDamagePrefabRandomizeXRotation: 0
  dealDamagePrefabRandomizeYRotation: 0
  dealDamagePrefabRandomizeZRotation: 0
  damagePrefabExpanded: 0
  damagePrefabSource: 0
  damagePrefabPoolIndex: 0
  damagePrefabPoolName: 
  damagePrefabSpecific: {fileID: 0}
  damagePrefabCategoryName: 
  damagePrefabSpawnMode: 0
  damagePrefabSpawnQuantity:
    variableSource: 1
    worldVariableName: 
    curModMode: 1
    selfValue: 1
    minimum: 1
    maximum: 100
  damageGroupsize:
    variableSource: 1
    worldVariableName: 
    curModMode: 1
    selfValue: 1
    minimum: 1
    maximum: 500
  damagePrefabOffset: {x: 0, y: 0, z: 0}
  damagePrefabIncrementalOffset: {x: 0, y: 0, z: 0}
  damagePrefabRandomizeXRotation: 0
  damagePrefabRandomizeYRotation: 0
  damagePrefabRandomizeZRotation: 0
  despawnStatDamageModifiersExpanded: 0
  damagePrefabOnDeathHit: 0
  playerStatDamageModifiers:
    scenarioName: CONDITION_NAME
    statMods: []
  damageKnockBackExpanded: 0
  sendDamageKnockback: 0
  receiveKnockbackWhenDamaged: 0
  receiveKnockbackWhenInvince: 0
  damageKnockUpMeters:
    variableSource: 1
    worldVariableName: 
    curModMode: 1
    selfValue: 10
    minimum: -3.4028235e+38
    maximum: 3.4028235e+38
  damageKnockBackFactor:
    variableSource: 1
    worldVariableName: 
    curModMode: 1
    selfValue: 3
    minimum: -3.4028235e+38
    maximum: 3.4028235e+38
  deathPrefabSource: 0
  deathPrefabPoolIndex: 0
  deathPrefabPoolName: 
  deathPrefabSettingsExpanded: 0
  deathPrefabSpecific: {fileID: 0}
  deathPrefabCategoryName: 
  deathPrefabKeepSameParent: 1
  deathPrefabSpawnPercent:
    variableSource: 1
    worldVariableName: 
    curModMode: 1
    selfValue: 100
    minimum: 0
    maximum: 100
  deathPrefabSpawnLocation: 0
  deathPrefabQty:
    variableSource: 1
    worldVariableName: 
    curModMode: 1
    selfValue: 1
    minimum: 0
    maximum: 100
  deathPrefabOffset: {x: 0, y: 0, z: 0}
  deathPrefabIncrementalOffset: {x: 0, y: 0, z: 0}
  rotationMode: 2
  deathPrefabRandomizeXRotation: 0
  deathPrefabRandomizeYRotation: 0
  deathPrefabRandomizeZRotation: 0
  deathPrefabKeepVelocity: 1
  deathPrefabCustomRotation: {x: 0, y: 0, z: 0}
  deathDelay:
    variableSource: 1
    worldVariableName: 
    curModMode: 1
    selfValue: 0
    minimum: 0
    maximum: 100
  spawnerDestroyedAction: 0
  parentKillableForParentDestroyed: {fileID: 0}
  parentDestroyedAction: 2
  deathDespawnBehavior: 0
  timerDeathEnabled: 0
  timerDeathSeconds:
    variableSource: 1
    worldVariableName: 
    curModMode: 1
    selfValue: 1
    minimum: 0.1
    maximum: 3.4028235e+38
  timeUpAction: 2
  distanceDeathEnabled: 0
  tooFarDistance:
    variableSource: 1
    worldVariableName: 
    curModMode: 1
    selfValue: 1
    minimum: 0.1
    maximum: 3.4028235e+38
  distanceDeathAction: 2
  currentHitPoints: 0
  isVisible: 0
  showRespawnSettings: 0
  respawnType: 0
  timesToRespawn: 1
  respawnDelay:
    variableSource: 1
    worldVariableName: 
    curModMode: 1
    selfValue: 0
    minimum: 0
    maximum: 100
  respawnFireEvents: 0
  respawnCustomEvents: []
--- !u!114 &114698103415375422
MonoBehaviour:
  m_ObjectHideFlags: 1
  m_PrefabParentObject: {fileID: 0}
  m_PrefabInternal: {fileID: 100100000}
  m_GameObject: {fileID: 100002}
  m_Enabled: 1
  m_EditorHideFlags: 0
  m_Script: {fileID: 11500000, guid: 2ae8a6ccac51221499041ff1befc64c8, type: 3}
  m_Name: 
  m_EditorClassIdentifier: 
  killableWithRenderer: {fileID: 0}
--- !u!114 &114820275283820104
MonoBehaviour:
  m_ObjectHideFlags: 1
  m_PrefabParentObject: {fileID: 0}
  m_PrefabInternal: {fileID: 100100000}
  m_GameObject: {fileID: 100004}
  m_Enabled: 1
  m_EditorHideFlags: 0
  m_Script: {fileID: 11500000, guid: 2ae8a6ccac51221499041ff1befc64c8, type: 3}
  m_Name: 
  m_EditorClassIdentifier: 
  killableWithRenderer: {fileID: 0}
